@online{rnn:colah,
	author = {Christopher Olah},
	title = {Understanding LSTM Networks},
	year = 	{2015},
	url = {https://colah.github.io/posts/2015-08-Understanding-LSTMs/},
	month = {August},
	note = {[cit. 2019-05-20]}
}


@online{rnn:karp,
	author = {Andrej Karpathy},
	title = {The Unreasonable Effectiveness of Recurrent Neural Networks},
	year = 	{2015},
	url = {http://karpathy.github.io/2015/05/21/rnn-effectiveness/},
	month = {May},
	note = {[cit. 2019-05-20]}
}

@online{rnn:spol,
	author = {Vladim{\'i}r Kvasni{\v{c}}ka and {\v{L}}ubica Be{\v{n}}u{\v{s}}kov{\'a} and Ji{\v{r}}{\'i} Posp{\'i}chal and Igor Farka{\v{s}} and Peter Ti{\v{n}}o and Andrej Kr{\'a}{\v{l}}},
	title = {{\'U}vod do te{\'o}rie neur{\'o}nov{\'y}ch siet{\'i}},
	year = 	{2002},
	url = {http://ics.upjs.sk/~novotnyr/home/skola/neuronove_siete/nn_kvasnicka/Uvod%20do%20NS.pdf},
	month = {},
	note = {[cit. 2019-05-20]}
}

@online{rnn:making,
	author = {Will Koehrsen},
	title ={Recurrent Neural Networks by Example in Python},
	year ={2018},
	url ={https://towardsdatascience.com/recurrent-neural-networks-by-example-in-python-ffd204f99470},
	month ={Nov},
	note = {[cit. 2019-06-02]}
}

@article{rnn:gers,
  title={Learning precise timing with LSTM recurrent networks},
  author={Gers, Felix A and Schraudolph, Nicol N and Schmidhuber, J{\"u}rgen},
  journal={Journal of machine learning research},
  volume={3},
  number={Aug},
  pages={115--143},
  year={2002}
}

@online{odds,
	author = {Martin Net{\'i}k},
	title = {Jak s{\'a}zet s pomoc{\'i} Internetu (1.)},
	year = {2005},
	url = {https://www.lupa.cz/clanky/jak-sazet-s-pomoci-internetu-1/},
	urldate = {2019-04-28},
	note = {[cit. 2019-04-28]},
	publisher = {Lupa.cz}
}

@online{bet:prince,
	author = {Jayson Mansaray},
	title = {Any day now - odds on for \'imminent\' royal baby birth},
	year = {2019},
	month = {May},
	url = {https://www.reuters.com/article/us-britain-royals-baby-betting-idUSKCN1S7418},
	note = {[cit. 2019-05-09]},
	publisher = {Reuters}
}

@online{bet:pres,
	author = {Tom{\'a}{\v{s}} Kyse{\v{l}}},
	title = {Prezidentsk{\'e} vo{\v{l}}by 2019: St{\'a}vkov{\'e} kancel{\'a}rie veria viac Harabinovi ako Bug{\'a}rovi},
	year = {2018},
	month = {June},
	url = {https://www.aktuality.sk/clanok/599690/prezidentske-volby-2019-stavkove-kancelarie-veria-viac-harabinovi-ako-bugarovi/},
	note = {[cit. 2019-05-09]},
	publisher = {Aktuality.sk}
}

@book{futbal:van,
  title={Mal{\'a} encyklopedie fotbalu},
  author={Van{\v{e}}k, Jaroslav},
  year={1984},
  publisher={Olympia}
}

@book{tenis:kor,
  title={Jak dokonale zvl{\'a}dnout tenis},
  author={Koromh{\'a}zov{\'a}, Vanda},
  year={2008},
  publisher={Grada Publishing as},
  isbn = {978-80-247-2316-7}
}

@book{hry2,
  title={Sportovn{\'\i} hry 2: z{\'a}kladn{\'\i} pravidla, organizace, historie},
  author={T{\'a}borsk{\'y}, Franti{\v{s}}ek},
  year={2005},
  publisher={Grada Publishing as},
  isbn = {80-247-1330-6}
}

@book{hry1,
  title={Sportovn{\'\i} hry},
  author={T{\'a}borsk{\'y}, Franti{\v{s}}ek},
  year={2004},
  publisher={Grada Publishing as},
  isbn = {80-247-0875-2}
}

@inproceedings{related:prasetio,
  title={Predicting football match results with logistic regression},
  author={Prasetio, Darwin and others},
  booktitle={2016 International Conference On Advanced Informatics: Concepts, Theory And Application (ICAICTA)},
  pages={1--5},
  year={2016},
  organization={IEEE}
}

@phdthesis{related:bailey,
  title={Predicting sporting outcomes: A statistical approach},
  author={Bailey, Michael J and others},
  year={2005},
  school={Faculty of Life and Social Sciences, Swinburne University of Technology}
}

@inproceedings{related:hucaljuk,
  title={Predicting football scores using machine learning techniques},
  author={Hucaljuk, Josip and Rakipovi{\'c}, Alen},
  booktitle={2011 Proceedings of the 34th International Convention MIPRO},
  pages={1623--1627},
  year={2011},
  organization={IEEE}
}

@article{related:igiri,
  title={An improved prediction system for football a match result},
  author={Igiri, Chinwe Peace and Nwachukwu, Enoch Okechukwu},
  journal={IOSR Journal of Engineering (IOSRJEN)},
  volume={4},
  number={12},
  pages={12--20},
  year={2014}
}

@article{related:shin,
  title={A novel way to soccer match prediction},
  author={Shin, Jongho and Gasparyan, Robert},
  journal={Stanford University: Department of Computer Science},
  year={2014}
}
@article{related:joseph,
  title={Predicting football results using Bayesian nets and other machine learning techniques},
  author={Joseph, Anito and Fenton, Norman E and Neil, Martin},
  journal={Knowledge-Based Systems},
  volume={19},
  number={7},
  pages={544--553},
  year={2006},
  publisher={Elsevier}
}

@book{aima,
  title={Artificial Intelligence: A Modern Approach},
  author={Russell, Stuart J and Norvig, Peter},
  year={2016},
  publisher={Malaysia; Pearson Education Limited,}
}
%%-----------------------------------------------

@book{LinearAlgebra,
	author = {Harry Dym},
	year = {2013},
	title = {Linear algebra in action},
	series = {{S}econd {E}dition},
	publisher = {American Mathematical Society}
}

@book{Visualization,
	title = {Handbook of Data Visualization},
	author = {Chen, C. and Härdle, W. and Unwin, A.},
	year = {2008},
	publisher = {Springer-Verlag Berlin Heidelberg}
}

@incollection{vis:mds,
	author      = "Cox, M. and Cox, T.",
	title       = "Multidimensional scaling",
	booktitle   = "Handbook of Data Visialization",
	editor      = "Chen, C. and Härdle, W. and Unwin, A.",
	publisher   = "Springer-Verlag Berlin Heidelberg",
	year        = 2008,
	pages       = "315-347",
	chapter     = III-3
}

@inbook{ vis:clus,
	chapter = {Cluster analysis: Basic Concepts and Algorithms},
	pages = {487-568},
	crossref = {datamining}
}

@book{ datamining,
	author = {Tan, P. and Steinbach, M. and Karpatne, A. and Kumar, V.}, 
	title      = {Introduction to Data Mining},
	publisher = {Pearson},
	year = 2018,
	series = {{S}econd {E}dition},
}

@online{ gpu,
	author = {Weiss, Stewart},
	title = {GPUs and {GPU} programming},
	year = {2014},
	url = {http://www.compsci.hunter.cuny.edu/~sweiss/course_materials/csci360/lecture_notes/gpus.pdf}
}

@book{ opengl,
	author = {Shreiner, D. and Sellers, G. and Kessenich, J. and Licea-Kane, B.}, 
	title      = {OpenGL Programming Guide: The Official Guide to Learning OpenGL, Version 4.3},
	publisher = {Addison-Wesley Professional},
	year = 2013,
	series = {8th {E}dition},
}

@online {khronos,
	title = {Khronos {O}pen{GL} {W}iki},
	author = {{Khronos}},
	url = {https://www.khronos.org/opengl/wiki}
}


@book { statistic,
	title = {An {I}ntroduction to {S}tatistical {L}earning},
	author = {James, G. and Witten, D. and Hastie, T. and Tibshirani, R.},
	year = {2013}
}

@online { ccpd,
	url= {https://kops.uni-konstanz.de/bitstream/handle/123456789/5934/Balzer_etal_2009_CCPDAVoLM.pdf},
	title = {Capacity-constraint point distributions: A Variant of Lloyd's method},
	author= {Balzer, M. and Schlomer, T. and Deussen, O.},
	year = {2009}
}

@online { lloyd,
	
	url= {http://www.tqmp.org/RegularArticles/vol09-1/p015/p015.pdf},
	author = {Morissette, L. and Chartier, S.},
	title = {The k-means clustering technique: General considerations and implementation in Mathematica},
	year = {2013}

}
